<?xml version="1.0" encoding="UTF-8"?><record xmlns="http://www.loc.gov/MARC21/slim" xmlns:cinclude="http://apache.org/cocoon/include/1.0" xmlns:zs="http://www.loc.gov/zing/srw/">
  <leader>00582nz  a2200157n  4500</leader>
  <controlfield tag="001">n  88028985 </controlfield>
  <controlfield tag="003">DLC</controlfield>
  <controlfield tag="005">19880714064919.5</controlfield>
  <controlfield tag="008">880518n| acannaab|          |a aaa |||  </controlfield>
  <datafield tag="010" ind1=" " ind2=" ">
    <subfield code="a">n  88028985 </subfield>
  </datafield>
  <datafield tag="040" ind1=" " ind2=" ">
    <subfield code="a">DLC</subfield>
    <subfield code="c">DLC</subfield>
  </datafield>
  <datafield tag="100" ind1="1" ind2="0">
    <subfield code="a">Berry, Michael V.</subfield>
  </datafield>
  <datafield tag="400" ind1="1" ind2="0">
    <subfield code="a">Berry, M. V.</subfield>
    <subfield code="q">(Michael V.)</subfield>
  </datafield>
  <datafield tag="400" ind1="1" ind2="0">
    <subfield code="a">Berry, Michael</subfield>
    <subfield code="q">(Michael V.)</subfield>
  </datafield>
  <datafield tag="670" ind1=" " ind2=" ">
    <subfield code="a">Royal Society (Great Britain). Discussion Meeting (1987 Feb. 4-5 : London, England?). Dynamical chaos, 1987:</subfield>
    <subfield code="b">t.p. (M.V. Berry, F.R.S.)</subfield>
  </datafield>
  <datafield tag="670" ind1=" " ind2=" ">
    <subfield code="a">LC data base, 5-16-88</subfield>
    <subfield code="b">(hdg.: Berry, Michael V.; usage: Michael V. Berry, Michael Berry)</subfield>
  </datafield>
</record>